@article{friedman2000,
author = "Friedman, Jerome and Hastie, Trevor and Tibshirani, Robert",
doi = "10.1214/aos/1016218223",
journal = "The Annals of Statistics",
number = "2",
pages = "337--407",
publisher = "The Institute of Mathematical Statistics",
title = "Additive logistic regression: a statistical view of boosting (With discussion and a rejoinder by the authors)",
url = "http://dx.doi.org/10.1214/aos/1016218223",
volume = "28",
year = "2000"
}

@article{friedman2001,
ajournal = "Ann. Statist.",
author = "Friedman, Jerome H.",
doi = "10.1214/aos/1013203451",
journal = "The Annals of Statistics",
number = "5",
pages = "1189--1232",
publisher = "The Institute of Mathematical Statistics",
title = "Greedy function approximation: A gradient boosting machine.",
url = "http://dx.doi.org/10.1214/aos/1013203451",
volume = "29",
year = "2001"
}

@article{wu2010,
	title = {{Powerful SNP-Set Analysis for Case-Control Genome-wide Association Studies}},
	volume = {86},
	issn = {00029297},
	url = {http://linkinghub.elsevier.com/retrieve/pii/S000292971000248X},
	doi = {10.1016/j.ajhg.2010.05.002},
	number = {6},
	urldate = {2013-04-11},

	journal = {The American Journal of Human Genetics},
	author = {Wu, Michael C. and Kraft, Peter and Epstein, Michael P. and Taylor, Deanne M. and Chanock, Stephen J. and Hunter, David J. and Lin, Xihong},
	year = {2010},
	pages = {929--942}
},

@article{freytag2012,
	title = {A Novel Kernel for Correcting Size Bias in the Logistic Kernel Machine Test with an Application to Rheumatoid Arthritis},
	volume = {74},
	issn = {1423-0062, 0001-5652},
	url = {http://www.karger.com/doi/10.1159/000347188},
	doi = {10.1159/000347188},
	number = {2},
	urldate = {2013-04-11},
	journal = {{Human Heredity}},
	author = {Freytag, Saskia and Bickeböller, Heike and Amos, Christopher I. and Kneib, Thomas and Schlather, Martin},
	year = {2012},
	pages = {97--108}
},

@article{freytag2013,
	title = {A Network-Based Kernel Machine Test for the Identification of Risk Pathways in Genome-Wide Association Studies},
	volume = {76},
	issn = {1423-0062, 0001-5652},
	url = {http://www.karger.com?doi=10.1159/000357567},
	doi = {10.1159/000357567},
	number = {2},
	journal = {Human Heredity},
	author = {Freytag, Saskia and Manitz, Juliane and Schlather, Martin and Kneib, Thomas and Amos, Christopher I. and Risch, Angela and Chang-Claude, Jenny and Heinrich, Joachim and Bickeböller, Heike},
	year = {2013},
	pages = {64--75}
}

@article{raychaudhuri2010,
	title = {Recent advances in the genetics of rheumatoid arthritis},
	volume = {22},
	issn = {1040-8711},
	url = {http://content.wkhealth.com/linkback/openurl?sid=WKPTLP:landingpage&an=00002281-201003000-00002},
	doi = {10.1097/BOR.0b013e328336474d},
	number = {2},
	urldate = {2013-04-11},
	journal = {{Current Opinion in Rheumatology}},
	author = {Raychaudhuri, Soumya},
	year = {2010},
	pages = {109--118}
},

@article{pan2008,
	title = {Network-based model weighting to detect multiple loci influencing complex diseases},
	volume = {124},
	issn = {0340-6717, 1432-1203},
	url = {http://link.springer.com/10.1007/s00439-008-0545-1},
	doi = {10.1007/s00439-008-0545-1},
	number = {3},
	journal = {{Human Genetics}},
	author = {Pan, Wei},
	year = {2008},
	pages = {225--234},
},

@article{wang2007,
  title={Pathway-based approaches for analysis of genomewide association studies},
  author={Wang, Kai and Li, Mingyao and Bucan, Maja},
  journal={{The American Journal of Human Genetics}},
  volume={81},
  number={6},
  pages={1278--1283},
  year={2007},
 doi={10.1086/522374},
  publisher={Elsevier}
}

@article{hofner2014,
	title = {Model-based boosting in {R}: a hands-on tutorial using the {R} package mboost},
	volume = {29},
	issn = {0943-4062, 1613-9658},
	shorttitle = {Model-based boosting in R},
	url = {http://link.springer.com/10.1007/s00180-012-0382-5},
	doi = {10.1007/s00180-012-0382-5},
	language = {en},
	number = {1-2},
	journal = {Computational Statistics},
	author = {Hofner, Benjamin and Mayr, Andreas and Robinzonov, Nikolay and Schmid, Matthias},
	year = {2014},
	pages = {3--35}
}

@article{hofner2011,
	title = {A Framework for Unbiased Model Selection Based on Boosting},
	volume = {20},
	issn = {1061-8600, 1537-2715},
	url = {http://www.tandfonline.com/doi/abs/10.1198/jcgs.2011.09220},
	doi = {10.1198/jcgs.2011.09220},
	number = {4},
	journal = {Journal of Computational and Graphical Statistics},
	author = {Hofner, Benjamin and Hothorn, Torsten and Kneib, Thomas and Schmid, Matthias},
	year = {2011},
	pages = {956--971}
}

@article{mayr2014,
   author = {Mayr, A. and Binder, H. and Gefeller, O. and Schmid, M.},
   year = 2014, 
   title = {The Evolution of Boosting Algorithms - From Machine Learning to Statistical Modelling},
   journal = {Methods of Information in Medicine},
   note = {doi: 10.3414/ME13-01-0122}
}

@ARTICLE{buehlmann03,
  author = {B\"{u}hlmann, Peter and Yu, Bin},
  title = {Boosting with the {L}$_2$ Loss: {R}egression and Classification},
  journal = {Journal of the American Statistical Association},
  year = {2003},
  volume = {98},
  pages = {324--339},
  cisid = {239942},
  keywords = {functional gradient descent; LogitBoost; minimax error rate; Nonparametric
	classification; Nonparametric regression; Smoothing spline}
}

@ARTICLE{Hothorn:2010,
  author = {Torsten Hothorn and Peter B{\"u}hlmann and Thomas Kneib and Matthias
	Schmid and Benjamin Hofner},
  title = {Model-Based Boosting 2.0},
  journal = {Journal of Machine Learning Research},
  year = {2010},
  volume = {11},
  pages = {2109--2113}
}

@ARTICLE{Kneib:2009,
  author = {Kneib, Thomas and Hothorn, Torsten and Tutz, Gerhard},
  title = {Variable Selection and Model Choice in Geoadditive Regression Models},
  journal = {Biometrics},
  year = {2009},
  volume = {65},
  pages = {626--634},
}